<record><leader>00000cas a22000007a 4500</leader><controlfield tag="001">16750757</controlfield><controlfield tag="008">870925d196u1967pauwr ne      0    0eng d</controlfield><datafield ind1=" " ind2=" " tag="010"><subfield code="a">sn 87080561 </subfield></datafield><datafield ind1=" " ind2=" " tag="040"><subfield code="a">NPH</subfield><subfield code="b">eng</subfield><subfield code="c">NPH</subfield><subfield code="d">OCLCQ</subfield></datafield><datafield ind1=" " ind2=" " tag="042"><subfield code="a">msc</subfield></datafield><datafield ind1="0" ind2="0" tag="245"><subfield code="a">McKean County miner and Mount Jewett echo.</subfield></datafield><datafield ind1="3" ind2="0" tag="246"><subfield code="a">McKean County miner, Mount Jewett echo</subfield></datafield><datafield ind1=" " ind2=" " tag="260"><subfield code="a">Bradford, Pa. :</subfield><subfield code="b">McKean County Press</subfield></datafield><datafield ind1=" " ind2=" " tag="300"><subfield code="a">v. :</subfield><subfield code="b">ill.</subfield></datafield><datafield ind1=" " ind2=" " tag="310"><subfield code="a">Weekly</subfield></datafield><datafield ind1="0" ind2=" " tag="362"><subfield code="a">-135th yr., no. 56 (Dec. 28, 1967)= -47th yr., no. 55.</subfield></datafield><datafield ind1=" " ind2=" " tag="515"><subfield code="a">Issues for &lt;Sept. 21, 1967&gt; called also &lt;47th yr., no. 43&gt;.</subfield></datafield><datafield ind1=" " ind2=" " tag="588"><subfield code="a">Description based on: 135th year, no. 48 (Sept. 21, 1967).</subfield></datafield><datafield ind1=" " ind2=" " tag="752"><subfield code="a">United States</subfield><subfield code="b">Pennsylvania</subfield><subfield code="c">McKean</subfield><subfield code="d">Bradford.</subfield></datafield><datafield ind1=" " ind2=" " tag="752"><subfield code="a">United States</subfield><subfield code="b">Pennsylvania</subfield><subfield code="c">McKean</subfield><subfield code="d">Mount Jewett.</subfield></datafield><datafield ind1="0" ind2="4" tag="780"><subfield code="t">M'Kean County miner</subfield><subfield code="w">(DLC)sn 84026398</subfield></datafield><datafield ind1="0" ind2="4" tag="780"><subfield code="t">Mount Jewett echo</subfield><subfield code="w">(DLC)sn 87080560</subfield></datafield><datafield ind1="0" ind2="6" tag="785"><subfield code="t">Mt. Jewett echo (Mount Jewett, Pa. : 1968)</subfield><subfield code="w">(DLC)sn 87078560</subfield></datafield><datafield ind1="0" ind2="6" tag="785"><subfield code="t">McKean County miner (Smethport, Pa. : 1968)</subfield><subfield code="w">(DLC)sn 87078555</subfield></datafield><datafield ind1="1" ind2=" " tag="029"><subfield code="a">AU@</subfield><subfield code="b">000025814458</subfield></datafield></record>